@inproceedings{kushnareva_artificial_2021,
  title     = {Artificial {Text} {Detection} via {Examining} the {Topology} of {Attention} {Maps}},
  url       = {http://arxiv.org/abs/2109.04825},
  doi       = {10.18653/v1/2021.emnlp-main.50},
  booktitle = {Proceedings of the 2021 {Conference} on {Empirical} {Methods} in {Natural} {Language} {Processing}},
  author    = {Kushnareva, Laida and Cherniavskii, Daniil and Mikhailov, Vladislav and Artemova, Ekaterina and Barannikov, Serguei and Bernstein, Alexander and Piontkovskaya, Irina and Piontkovski, Dmitri and Burnaev, Evgeny},
  year      = {2021},
  note      = {arXiv:2109.04825 [cs, math]},
  pages     = {635--649}
}

@misc{shestov_finetuning_2024,
  title     = {Finetuning {Large} {Language} {Models} for {Vulnerability} {Detection}},
  url       = {http://arxiv.org/abs/2401.17010},
  doi       = {10.48550/arXiv.2401.17010},
  publisher = {arXiv},
  author    = {Shestov, Alexey and Levichev, Rodion and Mussabayev, Ravil and Maslov, Evgeny and Cheshkov, Anton and Zadorozhny, Pavel},
  month     = {mar},
  year      = {2024},
  note      = {arXiv:2401.17010 [cs]
               version: 4}
}

@inproceedings{katsadouros_survey_2022,
  address   = {Athens Greece},
  title     = {A {Survey} on {Vulnerability} {Prediction} using {GNNs}},
  url       = {https://dl.acm.org/doi/10.1145/3575879.3575964},
  doi       = {10.1145/3575879.3575964},
  booktitle = {Proceedings of the 26th {Pan}-{Hellenic} {Conference} on {Informatics}},
  publisher = {ACM},
  author    = {Katsadouros, Evangelos and Patrikakis, Charalampos},
  month     = {nov},
  year      = {2022},
  pages     = {38--43}
}

@article{saikat_chakraborty_deep_2022,
  title  = {Deep {Learning} {Based} {Vulnerability} {Detection}: {Are} {We} {There} {Yet}? {\textbar} {IEEE} {Journals} \& {Magazine} {\textbar} {IEEE} {Xplore}},
  url    = {https://ieeexplore.ieee.org/abstract/document/9448435},
  author = {{Saikat Chakraborty} and {Rahul Krishna} and {Yangruibo Ding} and {Baishakhi Ray}},
  month  = {sep},
  year   = {2022}
}

@article{aggarwal_dory_2024,
  title   = {Dory: {Computation} of persistence diagrams up to dimension two for {Vietoris}–{Rips} filtrations of large data sets},
  volume  = {79},
  url     = {https://www.sciencedirect.com/science/article/pii/S1877750324000838},
  doi     = {10.1016/j.jocs.2024.102290},
  journal = {Journal of Computational Science},
  author  = {Aggarwal, Manu and Periwal, Vipul},
  month   = {jul},
  year    = {2024},
  pages   = {102290}
}

@misc{steenhoek_comprehensive_2024,
  title     = {A {Comprehensive} {Study} of the {Capabilities} of {Large} {Language} {Models} for {Vulnerability} {Detection}},
  url       = {http://arxiv.org/abs/2403.17218},
  doi       = {10.48550/arXiv.2403.17218},
  publisher = {arXiv},
  author    = {Steenhoek, Benjamin and Rahman, Md Mahbubur and Roy, Monoshi Kumar and Alam, Mirza Sanjida and Barr, Earl T. and Le, Wei},
  month     = {mar},
  year      = {2024},
  note      = {arXiv:2403.17218 [cs]}
}

@misc{wen_vulnerability_2023,
  title     = {Vulnerability {Detection} with {Graph} {Simplification} and {Enhanced} {Graph} {Representation} {Learning}},
  url       = {http://arxiv.org/abs/2302.04675},
  doi       = {10.48550/arXiv.2302.04675},
  publisher = {arXiv},
  author    = {Wen, Xin-Cheng and Chen, Yupan and Gao, Cuiyun and Zhang, Hongyu and Zhang, Jie M. and Liao, Qing},
  month     = {feb},
  year      = {2023},
  note      = {arXiv:2302.04675 [cs]}
}

@misc{steenhoek_empirical_2023,
  title     = {An {Empirical} {Study} of {Deep} {Learning} {Models} for {Vulnerability} {Detection}},
  url       = {http://arxiv.org/abs/2212.08109},
  doi       = {10.48550/arXiv.2212.08109},
  publisher = {arXiv},
  author    = {Steenhoek, Benjamin and Rahman, Md Mahbubur and Jiles, Richard and Le, Wei},
  month     = {feb},
  year      = {2023},
  note      = {arXiv:2212.08109 [cs]}
}

@misc{guo_graphcodebert_2021,
  title     = {{GraphCodeBERT}: {Pre}-training {Code} {Representations} with {Data} {Flow}},
  url       = {http://arxiv.org/abs/2009.08366},
  doi       = {10.48550/arXiv.2009.08366},
  publisher = {arXiv},
  author    = {Guo, Daya and Ren, Shuo and Lu, Shuai and Feng, Zhangyin and Tang, Duyu and Liu, Shujie and Zhou, Long and Duan, Nan and Svyatkovskiy, Alexey and Fu, Shengyu and Tufano, Michele and Deng, Shao Kun and Clement, Colin and Drain, Dawn and Sundaresan, Neel and Yin, Jian and Jiang, Daxin and Zhou, Ming},
  month     = sep,
  year      = {2021},
  note      = {arXiv:2009.08366 [cs]}
}

@article{sharma_survey_2024,
  title   = {A survey on machine learning techniques applied to source code},
  volume  = {209},
  url     = {https://www.sciencedirect.com/science/article/pii/S0164121223003291},
  doi     = {10.1016/j.jss.2023.111934},
  journal = {Journal of Systems and Software},
  author  = {Sharma, Tushar and Kechagia, Maria and Georgiou, Stefanos and Tiwari, Rohit and Vats, Indira and Moazen, Hadi and Sarro, Federica},
  month   = {mar},
  year    = {2024},
  pages   = {111934}
}

@inproceedings{zhou_devign_2019,
  title      = {Devign: {Effective} {Vulnerability} {Identification} by {Learning} {Comprehensive} {Program} {Semantics} via {Graph} {Neural} {Networks}},
  volume     = {32},
  shorttitle = {Devign},
  url        = {https://proceedings.neurips.cc/paper/2019/hash/49265d2447bc3bbfe9e76306ce40a31f-Abstract.html},
  booktitle  = {Advances in {Neural} {Information} {Processing} {Systems}},
  publisher  = {Curran Associates, Inc.},
  author     = {Zhou, Yaqin and Liu, Shangqing and Siow, Jingkai and Du, Xiaoning and Liu, Yang},
  year       = {2019}
}

@misc{nguyen_regvd_2022,
  title     = {{ReGVD}: {Revisiting} {Graph} {Neural} {Networks} for {Vulnerability} {Detection}},
  url       = {http://arxiv.org/abs/2110.07317},
  publisher = {arXiv},
  author    = {Nguyen, Van-Anh and Nguyen, Dai Quoc and Nguyen, Van and Le, Trung and Tran, Quan Hung and Phung, Dinh},
  month     = {feb},
  year      = {2022},
  note      = {arXiv:2110.07317 [cs]}
}

@article{tda4ds,
  author  = {Chazal, Frédéric and Michel, Bertrand},
  title   = {An Introduction to Topological Data Analysis: Fundamental and Practical Aspects for Data Scientists},
  journal = {Frontiers in Artificial Intelligence},
  volume  = {4},
  year    = {2021},
  url     = {https://www.frontiersin.org/articles/10.3389/frai.2021.667963},
  doi     = {10.3389/frai.2021.667963}
}

@misc{feng2020codebert,
  title         = {CodeBERT: A Pre-Trained Model for Programming and Natural Languages},
  author        = {Zhangyin Feng and Daya Guo and Duyu Tang and Nan Duan and Xiaocheng Feng and Ming Gong and Linjun Shou and Bing Qin and Ting Liu and Daxin Jiang and Ming Zhou},
  year          = {2020},
  eprint        = {2002.08155},
  archiveprefix = {arXiv},
  primaryclass  = {cs.CL}
}

@misc{Huggingface,
  title         = {HuggingFace's Transformers: State-of-the-art Natural Language Processing},
  author        = {Thomas Wolf and Lysandre Debut and Victor Sanh and Julien Chaumond and Clement Delangue and Anthony Moi and Pierric Cistac and Tim Rault and Rémi Louf and Morgan Funtowicz and Joe Davison and Sam Shleifer and Patrick von Platen and Clara Ma and Yacine Jernite and Julien Plu and Canwen Xu and Teven Le Scao and Sylvain Gugger and Mariama Drame and Quentin Lhoest and Alexander M. Rush},
  year          = {2020},
  eprint        = {1910.03771},
  archiveprefix = {arXiv},
  primaryclass  = {cs.CL},
  url           = {https://arxiv.org/abs/1910.03771}
}

@book{Schenck2022,
  title     = {Algebraic Foundations for Applied Topology and Data Analysis},
  isbn      = {9783031066641},
  issn      = {2731-4111},
  url       = {http://dx.doi.org/10.1007/978-3-031-06664-1},
  doi       = {10.1007/978-3-031-06664-1},
  journal   = {Mathematics of Data},
  publisher = {Springer International Publishing},
  author    = {Schenck,  Hal},
  year      = {2022}
}

@book{Oudot2015,
  title     = {Persistence Theory: From Quiver Representations to Data Analysis},
  isbn      = {9781470427955},
  issn      = {2331-7159},
  url       = {http://dx.doi.org/10.1090/surv/209},
  doi       = {10.1090/surv/209},
  journal   = {Mathematical Surveys and Monographs},
  publisher = {American Mathematical Society},
  author    = {Oudot,  Steve},
  year      = {2015},
  month     = dec
}

@misc{Edelsbrunner2008,
  title     = {Persistent homology—a survey},
  issn      = {0271-4132},
  url       = {http://dx.doi.org/10.1090/conm/453/08802},
  doi       = {10.1090/conm/453/08802},
  journal   = {Contemporary Mathematics},
  publisher = {American Mathematical Society},
  author    = {Edelsbrunner,  Herbert and Harer,  John},
  year      = {2008},
  pages     = {257–282}
}

@article{Aktas2019,
  title     = {Persistence homology of networks: methods and applications},
  volume    = {4},
  issn      = {2364-8228},
  url       = {http://dx.doi.org/10.1007/s41109-019-0179-3},
  doi       = {10.1007/s41109-019-0179-3},
  number    = {1},
  journal   = {Applied Network Science},
  publisher = {Springer Science and Business Media LLC},
  author    = {Aktas,  Mehmet E. and Akbas,  Esra and Fatmaoui,  Ahmed El},
  year      = {2019},
  month     = aug
}

@misc{adams2016persistenceimagesstablevector,
  title         = {Persistence Images: A Stable Vector Representation of Persistent Homology},
  author        = {Henry Adams and Sofya Chepushtanova and Tegan Emerson and Eric Hanson and Michael Kirby and Francis Motta and Rachel Neville and Chris Peterson and Patrick Shipman and Lori Ziegelmeier},
  year          = {2016},
  eprint        = {1507.06217},
  archiveprefix = {arXiv},
  primaryclass  = {cs.CG},
  url           = {https://arxiv.org/abs/1507.06217}
}

@misc{murugan2019introductiontopologicaldataanalysis,
  title         = {An Introduction to Topological Data Analysis for Physicists: From LGM to FRBs},
  author        = {Jeff Murugan and Duncan Robertson},
  year          = {2019},
  eprint        = {1904.11044},
  archiveprefix = {arXiv},
  primaryclass  = {astro-ph.IM},
  url           = {https://arxiv.org/abs/1904.11044}
}